@article{zhang2010two,
  title={Two-stage image denoising by principal component analysis with local pixel grouping},
  author={Zhang, Lei and Dong, Weisheng and Zhang, David and Shi, Guangming},
  journal={Pattern Recognition},
  volume={43},
  number={4},
  pages={1531--1549},
  year={2010},
  publisher={Elsevier}
}
@article{zhang2017beyond,
  title={Beyond a gaussian denoiser: Residual learning of deep cnn for image denoising},
  author={Zhang, Kai and Zuo, Wangmeng and Chen, Yunjin and Meng, Deyu and Zhang, Lei},
  journal={IEEE Transactions on Image Processing},
  volume={26},
  number={7},
  pages={3142--3155},
  year={2017},
  publisher={IEEE}
}
@misc{image_denoising,
  author = {snappizz},
  title = {Two image denoising algorithms},
  year = {2017},
  publisher = {GitHub},
  journal = {GitHub repository},
  howpublished = {\url{https://github.com/snappizz/image-denoising/}}
}
@inproceedings{dabov2006image,
  title={Image denoising with block-matching and 3D filtering},
  author={Dabov, Kostadin and Foi, Alessandro and Katkovnik, Vladimir and Egiazarian, Karen},
  booktitle={Image Processing: Algorithms and Systems, Neural Networks, and Machine Learning},
  volume={6064},
  pages={606414},
  year={2006},
  organization={International Society for Optics and Photonics}
}
@inproceedings{buades2005non,
  title={A non-local algorithm for image denoising},
  author={Buades, Antoni and Coll, Bartomeu and Morel, J-M},
  booktitle={Computer Vision and Pattern Recognition, 2005. CVPR 2005. IEEE Computer Society Conference on},
  volume={2},
  pages={60--65},
  year={2005},
  organization={IEEE}
}